<?xml version="1.0" encoding="UTF-8"?><collection xmlns="http://www.loc.gov/MARC21/slim"><record><leader>00606nam--2200205-u-4500</leader><controlfield tag="001">000055648</controlfield><controlfield tag="002">20161230</controlfield><controlfield tag="005">20161230201052</controlfield><controlfield tag="008">130315s1000------------r-----000-0-fre-d</controlfield><datafield ind1=" " ind2=" " tag="020"><subfield code="a">978817803104</subfield></datafield><datafield ind1=" " ind2=" " tag="040"><subfield code="a">IFIN-HH</subfield></datafield><datafield ind1=" " ind2=" " tag="041"><subfield code="a">fre</subfield></datafield><datafield ind1="1" ind2=" " tag="100"><subfield code="a">Antoni, Rodolphe</subfield></datafield><datafield ind1="1" ind2="0" tag="245"><subfield code="a">Physique appliquee a l'exposition extreme</subfield><subfield code="b">Dosimetrie et radioprotection</subfield><subfield code="c">Rodolphe antoni, laurent bourgois</subfield></datafield><datafield ind1=" " ind2=" " tag="260"><subfield code="a">Paris</subfield><subfield code="b">Springer</subfield><subfield code="c">2013</subfield></datafield><datafield ind1=" " ind2=" " tag="300"><subfield code="a">XIV+467P</subfield></datafield><datafield ind1=" " ind2=" " tag="490"><subfield code="a">Inginerie Et Developpement Durable</subfield></datafield><datafield ind1="1" ind2=" " tag="700"><subfield code="a">Bourgois, Laurent</subfield></datafield><datafield ind1=" " ind2=" " tag="852"><subfield code="a">82355</subfield><subfield code="c">539.1.07:539.1.08</subfield></datafield><datafield ind1=" " ind2=" " tag="CAT"><subfield code="a">Sys</subfield><subfield code="c">20130319</subfield><subfield code="h">144137</subfield></datafield></record></collection>